@article{wu2017bright,
  title={Bright single photons for light-matter interaction},
  author={Wu, Chih-Hsiang and Wu, Tsung-Yao and Yeh, Yung-Chin and Liu, Po-Hui and Chang, Chin-Hsuan and Liu, Chiao-Kai and Cheng, Ting and Chuu, Chih-Sung},
  journal={Physical Review A},
  volume={96},
  number={2},
  pages={023811},
  year={2017},
  publisher={APS}
}

@article{belthangady2010hiding,
  title={Hiding single photons with spread spectrum technology},
  author={Belthangady, Chinmay and Chuu, Chih-Sung and Ite, A Yu and Yin, GY and Kahn, JM and Harris, SE},
  journal={Physical review letters},
  volume={104},
  number={22},
  pages={223601},
  year={2010},
  publisher={APS}
}

@article{RevModPhys.74.145,
  title = {Quantum cryptography},
  author = {Gisin, Nicolas and Ribordy, Gr\'egoire and Tittel, Wolfgang and Zbinden, Hugo},
  journal = {Rev. Mod. Phys.},
  volume = {74},
  issue = {1},
  pages = {145--195},
  numpages = {0},
  year = {2002},
  month = {Mar},
  publisher = {American Physical Society},
  doi = {10.1103/RevModPhys.74.145},
  url = {https://link.aps.org/doi/10.1103/RevModPhys.74.145}
}

@article{PhysRevLett.89.037902,
  title = {Differential Phase Shift Quantum Key Distribution},
  author = {Inoue, Kyo and Waks, Edo and Yamamoto, Yoshihisa},
  journal = {Phys. Rev. Lett.},
  volume = {89},
  issue = {3},
  pages = {037902},
  numpages = {3},
  year = {2002},
  month = {Jun},
  publisher = {American Physical Society},
  doi = {10.1103/PhysRevLett.89.037902},
  url = {https://link.aps.org/doi/10.1103/PhysRevLett.89.037902}
}

@article{chuu2012miniature,
  title={A miniature ultrabright source of temporally long, narrowband biphotons},
  author={Chuu, Chih-Sung and Yin, GY and Harris, SE},
  journal={Applied Physics Letters},
  volume={101},
  number={5},
  pages={051108},
  year={2012},
  publisher={AIP}
}

@article{PhysRevLett.101.103601,
  title = {Electro-Optic Modulation of Single Photons},
  author = {Kolchin, Pavel and Belthangady, Chinmay and Du, Shengwang and Yin, G. Y. and Harris, S. E.},
  journal = {Phys. Rev. Lett.},
  volume = {101},
  issue = {10},
  pages = {103601},
  numpages = {4},
  year = {2008},
  month = {Sep},
  publisher = {American Physical Society},
  doi = {10.1103/PhysRevLett.101.103601},
  url = {https://link.aps.org/doi/10.1103/PhysRevLett.101.103601}
}

@book{simon1985spread,
  title={Spread spectrum communications},
  author={Simon, Marvin K and J.... K. Omura and R.... A. Scholtz and B.... K. Levitt},
  volume={1},
  year={1985},
  publisher={Computer science press Rockville, MD}
}

@article{PhysRevLett.101.103601,
  title = {Electro-Optic Modulation of Single Photons},
  author = {Kolchin, Pavel and Belthangady, Chinmay and Du, Shengwang and Yin, G. Y. and Harris, S. E.},
  journal = {Phys. Rev. Lett.},
  volume = {101},
  issue = {10},
  pages = {103601},
  numpages = {4},
  year = {2008},
  month = {Sep},
  publisher = {American Physical Society},
  doi = {10.1103/PhysRevLett.101.103601},
  url = {https://link.aps.org/doi/10.1103/PhysRevLett.101.103601}
}

@article{PhysRevLett.101.120501,
  title = {Quantum Memory with Optically Trapped Atoms},
  author = {Chuu, Chih-Sung and Strassel, Thorsten and Zhao, Bo and Koch, Markus and Chen, Yu-Ao and Chen, Shuai and Yuan, Zhen-Sheng and Schmiedmayer, J\"org and Pan, Jian-Wei},
  journal = {Phys. Rev. Lett.},
  volume = {101},
  issue = {12},
  pages = {120501},
  numpages = {4},
  year = {2008},
  month = {Sep},
  publisher = {American Physical Society},
  doi = {10.1103/PhysRevLett.101.120501},
  url = {https://link.aps.org/doi/10.1103/PhysRevLett.101.120501}
}

@incollection{chuu2015narrowband,
  title={Narrowband Biphotons: Generation, Manipulation, and Applications},
  author={Chuu, Chih-Sung and Du, Shengwang},
  booktitle={Engineering the Atom-Photon Interaction},
  pages={145--182},
  year={2015},
  publisher={Springer}
}

@article{pickholtz1982theory,
  title={Theory of spread-spectrum communications-a tutorial},
  author={Pickholtz, Raymond and Schilling, Donald and Milstein, Laurence},
  journal={IEEE transactions on Communications},
  volume={30},
  number={5},
  pages={855--884},
  year={1982},
  publisher={IEEE}
}