@article{zhang2012coherent,
  title={Coherent control of single-photon absorption and reemission in a two-level atomic ensemble},
  author={Zhang, Shanchao and Liu, Chang and Zhou, Shuyu and Chuu, Chih-Sung and Loy, MMT and Du, Shengwang},
  journal={Physical review letters},
  volume={109},
  number={26},
  pages={263601},
  year={2012},
  publisher={APS}
}
