@article{PhysRevLett.89.037902,
  title = {Differential Phase Shift Quantum Key Distribution},
  author = {Inoue, Kyo and Waks, Edo and Yamamoto, Yoshihisa},
  journal = {Phys. Rev. Lett.},
  volume = {89},
  issue = {3},
  pages = {037902},
  numpages = {3},
  year = {2002},
  month = {Jun},
  publisher = {American Physical Society},
  doi = {10.1103/PhysRevLett.89.037902},
  url = {https://link.aps.org/doi/10.1103/PhysRevLett.89.037902}
}
